<?xml version="1.0" encoding="UTF-8" ?>
<record Numero="13963992" format="InterXMarc_Complet" type="Authority">
<leader>00434c1 au22000272  45  <Pos Code="0004">00434</Pos>
<Pos Code="05" Sens="notice modifiée">c</Pos>
<Pos Code="06" Sens="notice validée en catalogage courant">1</Pos>
<Pos Code="08" Sens="notice d&apos;autorité">a</Pos>
<Pos Code="09" Sens="titre uniforme musical (TUM)">u</Pos>
<Pos Code="10">2</Pos>
<Pos Code="11">2</Pos>
<Pos Code="1216">00027</Pos>
<Pos Code="17" Sens="autres cas">2</Pos>
<Pos Code="20">4</Pos>
<Pos Code="21">5</Pos>
</leader>
<controlfield tag="001">FRBNF139639928<Pos Code="0001">FR</Pos>
<Pos Code="0204">BNF</Pos>
<Pos Code="0512">13963992</Pos>
<Pos Code="13">8</Pos>
</controlfield>
<controlfield tag="008">940506960118yyrus mld       ....      ....                   1   <Pos Code="0001">94</Pos>
<Pos Code="0203">05</Pos>
<Pos Code="0405">06</Pos>
<Pos Code="0607">96</Pos>
<Pos Code="0809">01</Pos>
<Pos Code="1011">18</Pos>
<Pos Code="1213" Sens="ne s&apos;applique pas">yy</Pos>
<Pos Code="1416" Sens="russe">rus</Pos>
<Pos Code="1820" Sens="mélodie">mld</Pos>
<Pos Code="2831">....</Pos>
<Pos Code="3841">....</Pos>
<Pos Code="61" Sens="La vedette peut être liée à une notice bibliographique sauf pour l&apos;accès matière RAMEAU">1</Pos>
</controlfield>
<datafield tag="048" ind1=" " ind2=" ">
	<subfield code="a">va01<Pos Code="0001" Sens="voix - soprano">va</Pos>
<Pos Code="02">0</Pos>
<Pos Code="03">1</Pos>
</subfield>
	<subfield code="a">sa01<Pos Code="0001" Sens="cordes frottées - violon">sa</Pos>
<Pos Code="02">0</Pos>
<Pos Code="03">1</Pos>
</subfield>
	<subfield code="a">sd01<Pos Code="0001" Sens="cordes frottées - contrebasse">sd</Pos>
<Pos Code="02">0</Pos>
<Pos Code="03">1</Pos>
</subfield>
	<subfield code="a">tz01<Pos Code="0001" Sens="cordes pincées - autre">tz</Pos>
<Pos Code="02">0</Pos>
<Pos Code="03">1</Pos>
</subfield>
</datafield>
<datafield tag="100" ind1=" " ind2=" ">
	<subfield code="3">12502013</subfield>
	<subfield code="w"> 0  b.....</subfield>
	<subfield code="a">Kurtág</subfield>
	<subfield code="m">György</subfield>
	<subfield code="d">1926-....</subfield>
</datafield>
<datafield tag="144" ind1="1" ind2=" ">
	<subfield code="w">....barus.</subfield>
	<subfield code="a">Sceny iz romana</subfield>
	<subfield code="p">Op. 19</subfield>
</datafield>
<datafield tag="444" ind1="1" ind2=" ">
	<subfield code="w">....b.fre.</subfield>
	<subfield code="a">Scènes d&apos;un roman</subfield>
	<subfield code="p">Op. 19</subfield>
</datafield>
<datafield tag="600" ind1=" " ind2=" ">
	<subfield code="a">15 chants d&apos;après des poèmes de Rimma Dalos</subfield>
</datafield>
<datafield tag="600" ind1=" " ind2=" ">
	<subfield code="a">1981-82 (comp)</subfield>
</datafield>
<datafield tag="610" ind1=" " ind2=" ">
	<subfield code="a">Contemporary Composers</subfield>
</datafield>
<datafield tag="611" ind1=" " ind2=" ">
	<subfield code="a">SDC 12 057235</subfield>
</datafield>
<datafield tag="917" ind1=" " ind2=" ">
	<subfield code="o">OPC</subfield>
	<subfield code="a">100951910</subfield>
</datafield>
<Attr Nom="IDPerenne">ark:/12148/cb139639922</Attr>
<Attr Nom="NumSource">OPC 100951910</Attr>
<Attr Nom="Source" Sens="BnF catalogue général (depuis 1999)">A</Attr>
<Attr Nom="NumAutoriteLiee">12502013</Attr>
<Attr Nom="DateCreation">06/05/ 1994</Attr>
<Attr Nom="ResponsableCreation">MIGV2</Attr>
<Attr Nom="StructCreation">1</Attr>
<Attr Nom="DateDerniereValidation">08/11/ 2010</Attr>
<Attr Nom="ResponsableDerniereValidation">MIGV4</Attr>
<Attr Nom="StructPremiereValidation">1</Attr>
<Attr Nom="DatePremiereValidation">06/05/ 1994</Attr>
<Attr Nom="ResponsablePremiereValidation">MIGV2</Attr>
<Attr Nom="StructDerniereValidation">1</Attr>
<Attr Nom="NumSource">OPP 14788965</Attr>
</record>
